<record><leader>00000cas a2200000 a 4500</leader><controlfield tag="001">10204104</controlfield><controlfield tag="008">831209d19481961mduwr ne      0   a0eng d</controlfield><datafield ind1=" " ind2=" " tag="010"><subfield code="a">sn 89060094 </subfield></datafield><datafield ind1=" " ind2=" " tag="040"><subfield code="a">MFS</subfield><subfield code="b">eng</subfield><subfield code="c">MFS</subfield><subfield code="d">MFN</subfield><subfield code="d">OCL</subfield><subfield code="d">OCLCQ</subfield></datafield><datafield ind1=" " ind2=" " tag="042"><subfield code="a">msc</subfield></datafield><datafield ind1=" " ind2=" " tag="043"><subfield code="a">n-us-md</subfield></datafield><datafield ind1=" " ind2=" " tag="090"><subfield code="a">AN4899.F75</subfield><subfield code="b">C5</subfield></datafield><datafield ind1="0" ind2="4" tag="245"><subfield code="a">The Allegany citizen.</subfield></datafield><datafield ind1=" " ind2=" " tag="260"><subfield code="a">Frostburg, Md. :</subfield><subfield code="b">Allegany Citizen Pub. Co.</subfield></datafield><datafield ind1=" " ind2=" " tag="300"><subfield code="a">v.</subfield></datafield><datafield ind1=" " ind2=" " tag="310"><subfield code="a">Weekly</subfield></datafield><datafield ind1="0" ind2=" " tag="362"><subfield code="a">Vol. 1, no. 1 (May 13, 1948)-v. 14, no. 65 (Sept. 15, 1960) ; vol. 1, no. 66 (Sept. 23, 1960)-v. 1, no. 109 (July 28, 1961).</subfield></datafield><datafield ind1=" " ind2=" " tag="515"><subfield code="a">Numbering very irregular; v. 12-13 issued as part of v. 11.</subfield></datafield><datafield ind1=" " ind2=" " tag="752"><subfield code="a">United States</subfield><subfield code="b">Maryland</subfield><subfield code="c">Allegany</subfield><subfield code="d">Frostburg.</subfield></datafield><datafield ind1="0" ind2="0" tag="785"><subfield code="t">Allegany Garrett citizen</subfield><subfield code="w">(DLC)sn 90057178</subfield></datafield></record>